@inproceedings{Lin:2014:CSC:2962288.2962317,
 author = {Lin, Shang-Wei and Hsiung, Pao-Ann},
 title = {Compositional Synthesis of Concurrent Systems Through Causal Model Checking and Learning},
 booktitle = {Proceedings of the 19th International Symposium on FM 2014: Formal Methods - Volume 8442},
 year = {2014},
 isbn = {978-3-319-06409-3},
 pages = {416--431},
 numpages = {16},
 url = {http://dx.doi.org/10.1007/978-3-319-06410-9_29},
 doi = {10.1007/978-3-319-06410-9_29},
 acmid = {2962317},
 publisher = {Springer-Verlag New York, Inc.},
 address = {New York, NY, USA},
} 

@article{DBLP:journals/tc/MokhovISRYR14,
  author    = {Andrey Mokhov and
               Alexei Iliasov and
               Danil Sokolov and
               Maxim Rykunov and
               Alex Yakovlev and
               Alexander Romanovsky},
  title     = {Synthesis of Processor Instruction Sets from High-Level {ISA} Specifications},
  journal   = {{IEEE} Trans. Computers},
  volume    = {63},
  number    = {6},
  pages     = {1552--1566},
  year      = {2014},
  url       = {http://dx.doi.org/10.1109/TC.2013.37},
  doi       = {10.1109/TC.2013.37},
  timestamp = {Tue, 22 Dec 2015 15:14:11 +0100},
  biburl    = {http://dblp2.uni-trier.de/rec/bib/journals/tc/MokhovISRYR14},
  bibsource = {dblp computer science bibliography, http://dblp.org}
}

@inproceedings{Hudak:1998:MDS:551789.853532,
 author = {Hudak, P.},
 title = {Modular Domain Specific Languages and Tools},
 booktitle = {Proceedings of the 5th International Conference on Software Reuse},
 series = {ICSR '98},
 year = {1998},
 isbn = {0-8186-8377-5},
 pages = {134--},
 url = {http://dl.acm.org/citation.cfm?id=551789.853532},
 acmid = {853532},
 publisher = {IEEE Computer Society},
 address = {Washington, DC, USA},
} 

@online{workcraft_web,
  title = {Workcraft},
  url = {http://www.workcraft.org/},
  urldate = {2015-02-8}
}

@book{Cortadella:2013:LSA:2587933,
 author = {Cortadella, Jordi and Kishinevsky, Michael and Kondratyev, A. and Lavagno, Luciano and Yakovlev, Alex},
 title = {Logic Synthesis for Asynchronous Controllers and Interfaces},
 year = {2013},
 isbn = {3642627765, 9783642627767},
 publisher = {Springer Publishing Company, Incorporated},
} 

@article{DBLP:journals/fuin/SokolovPY08,
  author    = {Danil Sokolov and
               Ivan Poliakov and
               Alexandre Yakovlev},
  title     = {Analysis of Static Data Flow Structures},
  journal   = {Fundam. Inform.},
  volume    = {88},
  number    = {4},
  pages     = {581--610},
  year      = {2008},
  url       = {http://content.iospress.com/articles/fundamenta-informaticae/fi88-4-07},
  timestamp = {Mon, 18 May 2015 17:23:17 +0200},
  biburl    = {http://dblp.uni-trier.de/rec/bib/journals/fuin/SokolovPY08},
  bibsource = {dblp computer science bibliography, http://dblp.org}
}

@book{EventB,
 author = {Abrial, Jean-Raymond},
 title = {Modeling in Event-B: System and Software Engineering},
 year = {2010},
 isbn = {0521895561, 9780521895569},
 edition = {1st},
 publisher = {Cambridge University Press},
 address = {New York, NY, USA},
} 

@article{Wadler:2015:PT:2847579.2699407,
 author = {Wadler, Philip},
 title = {Propositions As Types},
 journal = {Commun. ACM},
 issue_date = {December 2015},
 volume = {58},
 number = {12},
 month = nov,
 year = {2015},
 issn = {0001-0782},
 pages = {75--84},
 numpages = {10},
 url = {http://doi.acm.org/10.1145/2699407},
 doi = {10.1145/2699407},
 acmid = {2699407},
 publisher = {ACM},
 address = {New York, NY, USA},
} 